<?xml version="1.0" encoding="UTF-8"?><collection xmlns="http://www.loc.gov/MARC21/slim"><record><leader>00403nam--2200133-i-4500</leader><controlfield tag="001">000047162</controlfield><controlfield tag="002">20161230</controlfield><controlfield tag="005">20161230201046</controlfield><controlfield tag="008">060222s1000------------r-----000-0-eng-d</controlfield><datafield ind1=" " ind2=" " tag="080"><subfield code="a">546.3-19:538.95(043)</subfield></datafield><datafield ind1=" " ind2=" " tag="100"><subfield code="a">Weill, Guillaume</subfield></datafield><datafield ind1=" " ind2=" " tag="245"><subfield code="a">Etude experimentale des alliages de mercure et de cadmium sous pression hydrostatique. these</subfield></datafield><datafield ind1=" " ind2=" " tag="260"><subfield code="a">Orsay, Univ.De Paris Sud, 1977, 129p</subfield></datafield><datafield ind1=" " ind2=" " tag="852"><subfield code="a">46837</subfield></datafield></record></collection>